<?xml version="1.0" encoding="UTF-8"?><collection xmlns="http://www.loc.gov/MARC21/slim"><record><leader>00512nam--2200181-i-4500</leader><controlfield tag="001">000036441</controlfield><controlfield tag="002">20161230</controlfield><controlfield tag="005">20161230201040</controlfield><controlfield tag="008">060222s1000------------r-----000-0-fre-d</controlfield><datafield ind1=" " ind2=" " tag="040"><subfield code="a">IFIN-HH</subfield></datafield><datafield ind1=" " ind2=" " tag="041"><subfield code="a">fre</subfield></datafield><datafield ind1=" " ind2=" " tag="080"><subfield code="a">539.192:539.199(043)</subfield></datafield><datafield ind1="1" ind2=" " tag="100"><subfield code="a">Pouchan, Claude</subfield></datafield><datafield ind1="1" ind2="0" tag="245"><subfield code="a">Approche de la fonction potentielle nucleaire a partir du calcul de fonction d`onde</subfield><subfield code="b">These</subfield><subfield code="c">Claude puochan</subfield></datafield><datafield ind1=" " ind2=" " tag="260"><subfield code="a">Pau</subfield><subfield code="b">Universite</subfield><subfield code="c">1978</subfield></datafield><datafield ind1=" " ind2=" " tag="300"><subfield code="a">263P</subfield></datafield><datafield ind1=" " ind2=" " tag="852"><subfield code="a">48391</subfield><subfield code="c">539.19</subfield></datafield><datafield ind1=" " ind2=" " tag="CAT"><subfield code="a">Sys</subfield><subfield code="c">20120716</subfield><subfield code="h">170249</subfield></datafield></record></collection>